
@misc{dwyer_flask_nodate,
	title = {Flask vs. {Django}: {Why} {Flask} {Might} {Be} {Better} {\textbar} {Codementor}},
	shorttitle = {Flask vs. {Django}},
	url = {https://www.codementor.io/garethdwyer/flask-vs-django-why-flask-might-be-better-4xs7mdf8v},
	abstract = {Flask is simple, flexible and unopinionated while Django is all-inclusive. Read this brief and practical comparison of Flask and Django and find out why Flask might be more fitting for you!},
	language = {en},
	urldate = {2019-10-08},
	author = {Dwyer, Gareth},
	keywords = {django, flask}
}

@misc{noauthor_matched_nodate,
	title = {Matched {Filtering} - {MATLAB} \& {Simulink}},
	url = {https://www.mathworks.com/help/phased/ug/matched-filtering.html},
	urldate = {2019-10-07},
	keywords = {matchedfilter, matlab}
}

@misc{noauthor_mcp3008_nodate,
	title = {{MCP}3008 - 8-{Channel} 10-{Bit} {ADC} {With} {SPI} {Interface}},
	url = {https://thepihut.com/products/adafruit-mcp3008-8-channel-10-bit-adc-with-spi-interface},
	abstract = {Need to add analog inputs? This chip will add 8 channels of 10-bit analog input to your microcontroller or microcomputer project. It's super easy to use, and uses SPI so only 4 pins are required. We chose this chip as a great accompaniment to the Raspberry Pi computer, because its fun to have analog inputs but the Pi d},
	urldate = {2019-10-03},
	journal = {The Pi Hut}
}

@article{landau_sampling_1967,
	title = {Sampling, data transmission, and the {Nyquist} rate},
	volume = {55},
	issn = {0018-9219},
	url = {http://ieeexplore.ieee.org/document/1447892/},
	doi = {10.1109/PROC.1967.5962},
	number = {10},
	urldate = {2019-10-03},
	journal = {Proceedings of the IEEE},
	author = {Landau, H.J.},
	year = {1967},
	pages = {1701--1706}
}

@misc{noauthor_max98357a_2019,
	title = {{MAX}98357A {Datasheet}},
	url = {https://cdn-shop.adafruit.com/product-files/3006/MAX98357A-MAX98357B.pdf},
	year = {2019}
}

@misc{noauthor_adafruit_nodate,
	title = {Adafruit {MAX}98357 {I}2S {Class}-{D} {Mono} {Amp}},
	url = {https://learn.adafruit.com/adafruit-max98357-i2s-class-d-mono-amp/overview},
	abstract = {If your microcontroller or microcomputer has digital audio capability, this amp is for you! It takes standard I2S digital audio input and, not only decodes it into analog, but also amplifies it directly into a speaker. Perfect for adding compact amplified sound, it takes 2 breakouts (I2S DAC + Amp) and combines them into one.},
	language = {en-US},
	urldate = {2019-10-03},
	journal = {Adafruit Learning System}
}

@misc{industries_electret_nodate,
	title = {Electret {Microphone} {Amplifier} - {MAX}4466 with {Adjustable} {Gain}},
	url = {https://www.adafruit.com/product/1063},
	abstract = {Add an ear to your project with this well-designed electret microphone amplifier. This fully assembled and tested board comes with a 20-20KHz electret microphone soldered on. For the  ...},
	urldate = {2019-10-03},
	author = {Industries, Adafruit}
}

@misc{noauthor_what_nodate,
	title = {What is the power consumption of the {Teensy} 3.6?},
	url = {https://forum.pjrc.com/threads/47256-What-is-the-power-consumption-of-the-Teensy-3-6},
	urldate = {2019-10-02},
	keywords = {teensyPower}
}

@misc{noauthor_buy_nodate,
	title = {Buy a {Raspberry} {Pi} 3 {Model} {B} – {Raspberry} {Pi}},
	url = {https://www.raspberrypi.org},
	urldate = {2019-10-02}
}

@misc{noauthor_power_nodate,
	title = {Power {Consumption} {Benchmarks} {\textbar} {Raspberry} {Pi} {Dramble}},
	url = {https://www.pidramble.com/wiki/benchmarks/power-consumption},
	urldate = {2019-10-02}
}

@misc{noauthor_teensy_nodate,
	title = {Teensy {LC} ({Low} {Cost})},
	url = {https://www.pjrc.com/teensy/techspecs.html},
	urldate = {2019-10-02}
}

@misc{chip_open_2016,
	title = {Open {Audio}: {Benchmarking} - {Teensy} 3.6 is {Fast}!},
	shorttitle = {Open {Audio}},
	url = {https://openaudio.blogspot.com/2016/10/benchmarking-teensy-36-is-fast.html},
	urldate = {2019-10-02},
	journal = {Open Audio},
	author = {Chip},
	month = oct,
	year = {2016},
	keywords = {Benchmark, FFT, K66, Teensy}
}

@misc{noauthor_teensy_nodate-1,
	title = {Teensy {Audio} {Library}, high quality sound processing in {Arduino} sketches on {Teensy} 3.1},
	url = {https://www.pjrc.com/teensy/td_libs_Audio.html},
	urldate = {2019-10-02}
}

@misc{noauthor_software_2018,
	title = {Software {Engineering} {\textbar} {SDLC} {V}-{Model}},
	url = {https://www.geeksforgeeks.org/software-engineering-sdlc-v-model/},
	abstract = {The V-model is a type of SDLC model where process executes in a sequential manner in V-shape. It is also known as Verification and Validation… Read More »},
	language = {en-US},
	urldate = {2019-10-02},
	journal = {GeeksforGeeks},
	month = jul,
	year = {2018}
}

@misc{charvat_mit_2011,
	address = {MIT Lincoln Laboratory},
	type = {Lecture},
	title = {{MIT} {IAP} 2011 {Laptop} {Based} {Radar}: {Block} {Diagram}, {Schematics}, {Bill} of {Material}, and {Fabrication} {Instructions}*},
	url = {https://bit.ly/2nJ9xS2},
	language = {English},
	urldate = {2019-09-30},
	author = {Charvat, G. L.},
	month = jan,
	year = {2011}
}

@book{charvat_build_2011,
	title = {Build a {Small} {Radar} {System} {Capable} of {Sensing} {Range}, {Doppler}, and {Synthetic} {Aperture} {Radar} {Imaging}},
	url = {https://bit.ly/2IOXDdU},
	publisher = {About MIT OpenCourseWare MIT OpenCourseWare makes the materials used in the teaching of almost all of MIT's subjects available on the Web, free of charge. With more than 2,400 courses available, OCW is delivering on the promise of open sharing of knowledge. Learn more "},
	author = {Charvat, Gregory L. and Williams, Jonathan H. and Fenn, Alan J. and Kogon, Steve and Herd, Jeffrey S.},
	year = {2011}
}

@misc{noauthor_raymarine_nodate,
	type = {E-{Commerse}},
	title = {Raymarine {Pack}},
	copyright = {Rights Reserved},
	url = {https://bit.ly/2omCSSm},
	language = {English},
	journal = {RayMarine Pack AXIOM 9''}
}

@article{heinzel_spectrum_2002,
	title = {Spectrum and spectral density estimation by the {Discrete} {Fourier} transform ({DFT}), including a comprehensive list of window functions and some new flat-top windows},
	volume = {12},
	journal = {Max Plank Inst},
	author = {Heinzel, Gerhard and Rüdiger, Albrecht and Schilling, R},
	year = {2002}
}

@misc{noauthor_radar_nodate,
	title = {Radar {Basics}},
	url = {http://www.radartutorial.eu/11.coherent/co06.en.html},
	language = {en},
	urldate = {2019-10-01}
}

@misc{noauthor_radar_nodate-1,
	title = {Radar {Basics} - {Maximum} {Unambiguous} {Range}},
	url = {http://www.radartutorial.eu/01.basics/Maximum%20Unambiguous%20Range.en.html},
	urldate = {2019-10-01}
}

@misc{noauthor_radar_nodate-2,
	title = {Radar {Basics} - {Range} {Resolution}},
	url = {http://www.radartutorial.eu/01.basics/Range%20Resolution.en.html},
	language = {en},
	urldate = {2019-10-01}
}

@phdthesis{ali_yasin_design_2018,
	address = {Cape Town},
	type = {Final {Year} {Project}},
	title = {Design and {Implementation} of an {Ultrasonic} {Radar} for {Hand} {Gesture} {Recognition}},
	language = {English},
	urldate = {2019-09-30},
	school = {University of Cape Town},
	author = {Ali Yasin, Rishad},
	year = {2018}
}

@phdthesis{lin_design_2018,
	address = {Cape Town},
	type = {Final {Year} {Project}},
	title = {Design of {Audio} {Radar} for hand-gesture recognition},
	language = {English},
	urldate = {2019-09-30},
	school = {University of Cape Town},
	author = {Lin, Chiao-Shing},
	year = {2018}
}

@misc{noauthor_525.648introduction_nodate,
	title = {525.648—{Introduction} to {Radar} {Systems} {Course} {Homepage}},
	url = {https://apps.ep.jhu.edu/course-homepages/2928-525.648-introduction-to-radar-systems-farthing},
	journal = {525.648—Introduction to Radar Systems Course Homepage}
}

@book{watson_radar_2009,
	address = {S.l.},
	title = {Radar origins worldwide: history of its evolution in 13 nations through {World} {War} {II}},
	isbn = {978-1-4269-2110-0 978-1-4269-2111-7},
	shorttitle = {Radar origins worldwide},
	language = {eng},
	publisher = {Trafford Publ},
	author = {Watson, Raymond C.},
	year = {2009},
	note = {OCLC: 951267177}
}

@inproceedings{charvat_mit_2012,
	address = {Atlanta, GA},
	title = {The {MIT} {IAP} radar course: {Build} a small radar system capable of sensing range, {Doppler}, and synthetic aperture ({SAR}) imaging},
	isbn = {978-1-4673-0658-4 978-1-4673-0656-0 978-1-4673-0657-7},
	shorttitle = {The {MIT} {IAP} radar course},
	url = {http://ieeexplore.ieee.org/document/6212126/},
	doi = {10.1109/RADAR.2012.6212126},
	urldate = {2019-07-29},
	booktitle = {2012 {IEEE} {Radar} {Conference}},
	publisher = {IEEE},
	author = {Charvat, G. L. and Fenn, A. J. and Perry, B. T.},
	month = may,
	year = {2012},
	pages = {0138--0144}
}

@article{ali_design_2015,
	title = {Design of {Ultrasonic} {Radar}},
	volume = {3},
	issn = {2319-6378},
	url = {http://www.blueeyesintelligence.org/attachments/File/fee/2checkout_download.html},
	number = {7},
	journal = {International Journal of Emerging Science and Engineering},
	author = {Ali, Haitham K and Abdaljabar, Jihan S and Abdullah, Sura M},
	year = {2015},
	pages = {6--10}
}

@book{wang_digital_2008,
	address = {Hoboken, N.J},
	series = {Wiley series on information and communications technologies},
	title = {Digital signal processing techniques and applications in radar image processing},
	isbn = {978-0-470-18092-1},
	publisher = {John Wiley},
	author = {Wang, Bu-Chin},
	year = {2008},
	note = {OCLC: ocn191865728},
	keywords = {Digital techniques, Remote sensing, Signal processing}
}

@misc{noauthor_urad_2018,
	title = {{uRad} {Technology} {White} paper},
	url = {https://urad.es/download/uRAD%20-%20White%20paper%20EN.pdf},
	publisher = {Anteral S.L.},
	year = {2018}
}

@misc{noauthor_urad_2018-1,
	title = {{uRad} {Technology} {Brochure}},
	url = {https://urad.es/download/uRAD%20-%20Brochure%20EN.pdf},
	publisher = {Anteral S.L.},
	year = {2018}
}

@misc{noauthor_microwave_2019,
	title = {Microwave {Journal} - {uRad}},
	url = {https://www.microwavejournal.com/articles/3 1762-ghz-radar-works-with-arduino-and-raspberry-pi},
	year = {2019}
}

@misc{noauthor_continuous_2019,
	title = {Continuous {Wave} {Radar}},
	url = {https://fas.org/man/dod-101/navy/docs/es310/cwradar/cwradar.htm},
	journal = {Military Analysis Network},
	year = {2019}
}

@misc{viswanathan_chirp_2019,
	title = {Chirp {Signal} – {Frequency} {Sweeping} – {FFT} and power spectral density – {GaussianWaves}},
	url = {https://www.gaussianwaves.com/2014/07/chirp-signal-frequency-sweeping-fft-and-power-spectral-density/},
	author = {Viswanathan, Mathuranathan},
	year = {2019}
}

@article{li_review_2017,
	title = {A review on recent progress of portable short-range noncontact microwave radar systems},
	volume = {65},
	number = {5},
	journal = {IEEE Transactions on Microwave Theory and Techniques},
	author = {Li, Changzhi and Peng, Zhengyu and Huang, Tien-Yu and Fan, Tenglong and Wang, Fu-Kang and Horng, Tzyy-Sheng and Munoz-Ferreras, Jose-Maria and Gomez-Garcia, Roberto and Ran, Lixin and Lin, Jenshan},
	year = {2017},
	pages = {1692--1706}
}

@article{tarchi_low-cost_2017,
	title = {Low-{Cost} {Mini} {Radar}: {Design} {Prototyping} and {Tests}},
	volume = {2017},
	doi = {10.1155/2017/8029364},
	journal = {Journal of Sensors},
	author = {Tarchi, Dario and Vespe, Michele and Gioia, Ciro and Sermi, Francesco and Kyovtorov, Vladimir and Guglieri, Giorgio},
	year = {2017},
	pages = {1--15}
}

@book{richards_principles_2010,
	title = {Principles of modern radar},
	publisher = {Scitech},
	author = {Richards, Mark A and Scheer, James A and Holm, William A},
	year = {2010}
}